@inproceedings{10.5555/3237383.3237494,
author = "{Bart\'{a}k, Roman and {\v S}vancara, Ji?\'{\i} and Vlk, Marek}",
title = {A Scheduling-Based Approach to Multi-Agent Path Finding with Weighted and Capacitated Arcs},
year = {2018},
publisher = {International Foundation for Autonomous Agents and Multiagent Systems},
address = {Richland, SC},
booktitle = {Proceedings of the 17th International Conference on Autonomous Agents and MultiAgent Systems},
pages = {748–756},
numpages = {9},
keywords = {path finding, constraint programming, scheduling, multiple agents, capacity constraints},
location = {Stockholm, Sweden},
series = {AAMAS ’18}
}

@misc{mapf_tutorial,
author = {Sven Koenig},
title = {Multi-Agent Path Finding},
howpublished = "\url{http://idm-lab.org/slides/mapf-tutorial.pdf}"
}

@misc{mapf_official_site,
author = {Sven Koenig},
title = {Learn all about Multi-Agent Path Finding (MAPF)},
howpublished = "\url{http://mapf.info}"
}

@misc{z3_tutorial,
author = "{Nikolaj Bj{\o}rner, Leonardo de Moura, Lev Nachmanson, and Christoph Wintersteiger}",
title = {Programming Z3},
howpublished = "\url{https://theory.stanford.edu/~nikolaj/programmingz3.html}"
}

@misc{z3_python_api,
title = {Z3 Python Guide},
howpublished = "\url{https://ericpony.github.io/z3py-tutorial/guide-examples.htm}"
}

@misc{cplex_python_doc,
title = {Docplex documentation},
howpublished = "\url{https://ibmdecisionoptimization.github.io/docplex-doc}"
}
